@book{Winitzki,
    author={Winitzki, Sergei},
    title={Linear Algebra Via Exterior Products},
    year={2010},
    publisher={lulu.com},
    note={{ISBN: 978-1-4092-9496-2. Version: 1.2}},
},
@book{Macdonald,
    author={Macdonald, Alan},
    title={Linear and Geometric Algebra},
    year={2010},
    publisher={Createspace Independent Publishing Platform},
    note={{ISBN: 978-1-4538-5493-8}},
}